%% This BibTeX bibliography file was created using BibDesk.
%% https://bibdesk.sourceforge.io/

%% Created for Miles Kee at 2023-09-25 17:17:17 -0400 


%% Saved with string encoding Unicode (UTF-8) 



@article{article2,
	author = {Dan {S}zymborski},
	date-added = {2023-09-25 14:26:19 -0400},
	date-modified = {2023-09-25 17:17:15 -0400},
	journal = {Fangraphs},
	title = {The {P}adres {A}re {M}aking a {L}ast {S}tand},
	year = {2023}}

@article{article1,
	author = {Ben Clemens},
	date-added = {2023-09-25 14:04:23 -0400},
	date-modified = {2023-09-25 17:14:03 -0400},
	journal = {Fangraphs},
	title = {Five Things {I} {L}iked ({O}r {D}idn't {L}ike) {T}his {W}eek, {S}eptember 22},
	year = {2023}}
